%%%%%%%%%%%%%%%%%%%%%%%%%%%%%%%%%%%%%%%%%%%%%%%%%%%%%%%%%%%%%%%%%%%
% note = "(accessed October 7, 2018)"

@article{He2017LoadFV,
  author={Wan He},
  title={Load Forecasting via Deep Neural Networks},
  url = {https://www.sciencedirect.com/science/article/pii/S1877050917326170},
  year={2017}
}

@article{Aljabari2018,
    author = {Aljabari, Ghannam and Tamimi, Hashem},
    title = {Server Load Prediction Based on Dynamic Neural Networks},
    url = {https://www.researchgate.net/publication/266064454_Server_Load_Prediction_Based_on_Dynamic_Neural_Networks},
    year = {2018}
}

